<record><leader>00000cas a2200000 a 4500</leader><controlfield tag="001">9577970</controlfield><controlfield tag="008">830604d18781879moudn ne      0    0eng c</controlfield><datafield ind1=" " ind2=" " tag="010"><subfield code="a">sn 83045664 </subfield></datafield><datafield ind1=" " ind2=" " tag="040"><subfield code="a">CRL</subfield><subfield code="b">eng</subfield><subfield code="c">CRL</subfield><subfield code="d">NPW</subfield><subfield code="d">NPV</subfield><subfield code="d">NPI</subfield><subfield code="d">NPU</subfield><subfield code="d">NPT</subfield><subfield code="d">KNP</subfield><subfield code="d">NYG</subfield><subfield code="d">MQN</subfield><subfield code="d">KNP</subfield><subfield code="d">CNK</subfield><subfield code="d">NVF</subfield><subfield code="d">DLC</subfield><subfield code="d">NSD</subfield><subfield code="d">DLC</subfield><subfield code="d">TXA</subfield><subfield code="d">CUV</subfield><subfield code="d">OCLCF</subfield></datafield><datafield ind1="1" ind2=" " tag="029"><subfield code="a">AU@</subfield><subfield code="b">000020418808</subfield></datafield><datafield ind1=" " ind2=" " tag="042"><subfield code="a">pcc</subfield></datafield><datafield ind1=" " ind2=" " tag="043"><subfield code="a">n-us-mo</subfield></datafield><datafield ind1="0" ind2="0" tag="050"><subfield code="a">Newspaper</subfield></datafield><datafield ind1="0" ind2=" " tag="130"><subfield code="a">St. Louis post and dispatch (Saint Louis, Mo. : 1878)</subfield></datafield><datafield ind1="1" ind2="0" tag="245"><subfield code="a">St. Louis post and dispatch.</subfield></datafield><datafield ind1="3" ind2=" " tag="246"><subfield code="a">Saint Louis post and dispatch</subfield></datafield><datafield ind1="3" ind2="0" tag="246"><subfield code="a">Post and dispatch</subfield></datafield><datafield ind1=" " ind2=" " tag="260"><subfield code="a">St. Louis, Mo. :</subfield><subfield code="b">Evening Post and Dispatch,</subfield><subfield code="c">1878-1879.</subfield></datafield><datafield ind1=" " ind2=" " tag="300"><subfield code="a">v.</subfield></datafield><datafield ind1=" " ind2=" " tag="310"><subfield code="a">Daily (except Sunday)</subfield></datafield><datafield ind1="0" ind2=" " tag="362"><subfield code="a">Vol. 1, no. 286 (Dec. 12, 1878)-v. 2, no. 357 (Mar. 7, 1879).</subfield></datafield><datafield ind1=" " ind2=" " tag="515"><subfield code="a">Continues numbering of: St. Louis evening post (Saint Louis, Mo. : 1878).</subfield></datafield><datafield ind1=" " ind2=" " tag="580"><subfield code="a">Merger of: St. Louis evening post (Saint Louis, Mo. : 1878), and: Saint Louis dispatch (Saint Louis, Mo. : 1864)</subfield></datafield><datafield ind1=" " ind2="0" tag="651"><subfield code="a">Saint Louis (Mo.)</subfield><subfield code="v">Newspapers.</subfield></datafield><datafield ind1=" " ind2="7" tag="655"><subfield code="a">Newspapers.</subfield><subfield code="2">fast</subfield><subfield code="0">(OCoLC)fst01423814</subfield></datafield><datafield ind1=" " ind2="7" tag="651"><subfield code="a">Missouri</subfield><subfield code="z">Saint Louis.</subfield><subfield code="2">fast</subfield><subfield code="0">(OCoLC)fst01204930</subfield></datafield><datafield ind1=" " ind2=" " tag="752"><subfield code="a">United States</subfield><subfield code="b">Missouri</subfield><subfield code="d">Saint Louis.</subfield></datafield><datafield ind1="0" ind2="8" tag="776"><subfield code="i">Online:</subfield><subfield code="t">St. Louis post and dispatch (Saint Louis, Mo. : 1878)</subfield><subfield code="w">(DLC)  2011263172</subfield><subfield code="w">(OCoLC)728712735</subfield></datafield><datafield ind1="1" ind2="4" tag="780"><subfield code="t">St. Louis evening post (Saint Louis, Mo. : 1878)</subfield><subfield code="w">(DLC)sn 83045500</subfield><subfield code="w">(OCoLC)9522872</subfield></datafield><datafield ind1="1" ind2="4" tag="780"><subfield code="t">Saint Louis dispatch (Saint Louis, Mo. : 1864)</subfield><subfield code="w">(DLC)sn 83025376</subfield><subfield code="w">(OCoLC)9419527</subfield></datafield><datafield ind1="0" ind2="0" tag="785"><subfield code="t">St. Louis post-dispatch</subfield><subfield code="x">1930-9600</subfield><subfield code="w">(DLC)sn 83045501</subfield><subfield code="w">(OCoLC)1764810</subfield></datafield><datafield ind1="4" ind2="1" tag="856"><subfield code="u">http://proquest.umi.com</subfield></datafield></record>